@article{cox15,
  title={How to make the perfect fireworks display: Two strategies for hanabi},
  author={Cox, Christopher and De Silva, Jessica and Deorsey, Philip and Kenter, Franklin HJ and Retter, Troy and Tobin, Josh},
  journal={Mathematics Magazine},
  volume={88},
  number={5},
  pages={323--336},
  year={2015},
  publisher={Taylor \& Francis},
  url={https://www.tandfonline.com/doi/pdf/10.4169/math.mag.88.5.323}
}

@article{baffier16,
  title={Hanabi is NP-complete, even for cheaters who look at their cards},
  author={Baffier, Jean-Francois and Chiu, Man-Kwun and Diez, Yago and Korman, Matias and Mitsou, Valia},
  year={2016},
  publisher={Schloss Dagstuhl Leibniz-Zentrum f{\"u}r Informatik},
  url={http://eprints.sztaki.hu/9037/1/Baffier_4_3173858_ny.pdf}
}


@inproceedings{osawa15,
  title={Solving Hanabi: Estimating Hands by Opponent's Actions in Cooperative Game with Incomplete Information.},
  author={Osawa, Hirotaka},
  booktitle={AAAI workshop: Computer Poker and Imperfect Information},
  pages={37--43},
  year=2015,
  url={https://www.aaai.org/ocs/index.php/WS/AAAIW15/paper/view/10167/10193}
}

@inproceedings{eger17,
  title={An intentional AI for hanabi},
  author={Eger, Markus and Martens, Chris and C{\'o}rdoba, Marcela Alfaro},
  booktitle={Computational Intelligence and Games (CIG), 2017 IEEE Conference on},
  pages={68--75},
  year={2017},
  organization={IEEE},
  url={http://www.cig2017.com/wp-content/uploads/2017/08/paper_24.pdf}
}
